% Encoding: UTF-8

@InProceedings{Shima2007,
  author    = {K. Shima and T. Tsuji},
  title     = {FPGA Implementation of a Probabilistic Neural Network Using Delta-Sigma Modulation for Pattern Discrimination of EMG Signals},
  booktitle = {Proceedings of International Conference on Complex Medical Engineering},
  year      = {2007},
  pages     = {402-407},
  month     = {May},
  doi       = {10.1109/ICCME.2007.4381765},
  keywords  = {biomedical electronics;electromyography;field programmable gate arrays;medical signal processing;neural nets;pattern classification;pattern recognition;pulse modulation;statistical analysis;EMG signal;FPGA;PNN;bioelectric signal;delta-sigma modulation;electromyogram pattern discrimination;field programmable gate array;probabilistic neural network;statistical model;Bioelectric phenomena;Brain modeling;Delta modulation;Delta-sigma modulation;Electromyography;Field programmable gate arrays;Hardware;Neural networks;Probability;Pulse modulation},
}

@InProceedings{Zhu2010,
  author    = {X. Zhu and Y. Chen},
  title     = {Improved FPGA implementation of Probabilistic Neural Network for neural decoding},
  booktitle = {Proceedings of International Conference on Apperceiving Computing and Intelligence Analysis Proceeding},
  year      = {2010},
  pages     = {198-202},
  month     = {Dec},
  doi       = {10.1109/ICACIA.2010.5709882},
  keywords  = {field programmable gate arrays;neural nets;FPGA;Xilinx Virtex-5 platform;neural decoding;probabilistic neural network;Artificial neural networks;Biological neural networks;Field programmable gate arrays;Probabilistic logic;Resource management;Table lookup;Training;CORDIC;FPGA;Mixed data size;Probabilistic Neural Network},
}

@InProceedings{Ovtcharov2015,
  author    = {K. Ovtcharov and O. Ruwase and J. Y. Kim and J. Fowers and K. Strauss and E. S. Chung},
  title     = {Toward accelerating deep learning at scale using specialized hardware in the datacenter},
  booktitle = {Proceedings of IEEE Hot Chips 27 Symposium (HCS)},
  year      = {2015},
  pages     = {1-38},
  month     = {Aug},
  doi       = {10.1109/HOTCHIPS.2015.7477459},
  keywords  = {cloud computing;computer centres;convolution;field programmable gate arrays;learning (artificial intelligence);neural nets;FPGA;cloud specialization tradeoff;data center;deep convolutional neural network;deep learning;Acceleration;Energy efficiency;Field programmable gate arrays;Hardware;Machine learning;Neural networks;Reconfigurable architectures},
}

@InProceedings{Zhang2015,
  author    = {C. Zhang and P. Li and G. Sun and Y. Guan and B. Xiao and J. Cong},
  title     = {Optimizing FPGA-based Accelerator Design for Deep Convolutional Neural Networks},
  booktitle = {Proceedings of the ACM/SIGDA International Symposium on Field-Programmable Gate Arrays (FPGA)},
  year      = {2015},
  series    = {FPGA '15},
  pages     = {161--170},
  address   = {New York, NY, USA},
  publisher = {ACM},
  acmid     = {2689060},
  doi       = {10.1145/2684746.2689060},
  isbn      = {978-1-4503-3315-3},
  keywords  = {acceleration, convolutional neural network, fpga, roofline model},
  location  = {Monterey, California, USA},
  numpages  = {10},
  url       = {http://doi.acm.org/10.1145/2684746.2689060},
}

@InProceedings{Bu2004,
  author    = {Nan Bu and T. Hamamoto and T. Tsuji and O. Fukuda},
  title     = {FPGA implementation of a probabilistic neural network for a bioelectric human interface},
  booktitle = {Proceedings of Midwest Symposium on Circuits and Systems (MWSCAS)},
  year      = {2004},
  volume    = {3},
  pages     = {iii-29-32 vol.3},
  month     = {July},
  doi       = {10.1109/MWSCAS.2004.1354283},
  keywords  = {Gaussian distribution;electromyography;field programmable gate arrays;haptic interfaces;integrated circuit design;mouse controllers (computers);neural nets;system-on-chip;EMG based mouse system;FPGA implementation;SoC design;bioelectric human interface device;field programmable gate array;general purpose computer;hardware implementation;probabilistic neural networks;system on chip design;Application software;Application specific integrated circuits;Artificial neural networks;Bioelectric phenomena;Data engineering;Field programmable gate arrays;Hardware;Humans;Neural networks;Probability distribution},
}

@InProceedings{Figueiredo1998,
  author    = {M. A. Figueiredo and C. Gloster},
  title     = {Implementation of a probabilistic neural network for multi-spectral image classification on an {FPGA} based custom computing machine},
  booktitle = {Proceedings of Brazilian Symposium on Neural Networks},
  year      = {1998},
  pages     = {174-179},
  month     = {Dec},
  doi       = {10.1109/SBRN.1998.731021},
  keywords  = {field programmable gate arrays;image classification;neural nets;remote sensing;LANDSAT-2 image;field programmable gate arrays;image classification;multiple spectral image;probabilistic neural network;remote sensing;Computer applications;Field programmable gate arrays;Hardware;High performance computing;Hyperspectral sensors;Instruments;Microprocessors;Multispectral imaging;Neural networks;Remote sensing},
}

@Article{Zhou2010,
  author   = {F. Zhou and J. Liu and Y. Yu and X. Tian and H. Liu and Y. Hao and S. Zhang and W. Chen and J. Dai and X. Zheng},
  title    = {Field-programmable gate array implementation of a probabilistic neural network for motor cortical decoding in rats},
  journal  = {Journal of Neuroscience Methods},
  year     = {2010},
  volume   = {185},
  number   = {2},
  pages    = {299 - 306},
  issn     = {0165-0270},
  doi      = {https://doi.org/10.1016/j.jneumeth.2009.10.001},
  keywords = {Brainâ€“machine interface, FPGA, Probabilistic neural network, Motor cortical decoding},
  url      = {http://www.sciencedirect.com/science/article/pii/S0165027009005366},
}

@Comment{jabref-meta: databaseType:bibtex;}
